@article{cdms2000exclusion,
  title={Exclusion limits on the WIMP-nucleon cross section from the cryogenic dark matter search},
  author={Abusaidi, R and Akerib, DS and Barnes Jr, PD and Bauer, DA and Bolozdynya, A and Brink, PL and Bunker, R and Cabrera, B and Caldwell, DO and Castle, JP and others},
  journal={Physical Review Letters},
  volume={84},
  number={25},
  pages={5699},
  year={2000},
  publisher={APS}
}

@article{majorana2023final,
  title={Final Result of the Majorana Demonstrator's Search for Neutrinoless Double-$\beta$ Decay in Ge 76},
  author={Arnquist, IJ and others},
  collaboration={\textsc{Majorana} Collaboration},
  journal={Physical Review Letters},
  volume={130},
  number={6},
  pages={062501},
  year={2023},
  publisher={APS}
}

@article{gerda2020final,
  title={Final results of GERDA on the search for neutrinoless double-$\beta$ decay},
  author={Agostini, M and others},
  collaboration={GERDA Collaboration},
  journal={Physical Review Letters},
  volume={125},
  number={25},
  pages={252502},
  year={2020},
  publisher={APS}
}

@article{gerda2020bosonic,
  title={First search for bosonic superweakly interacting massive particles with masses up to 1 MeV/c 2 with Gerda},
  author={Agostini, M and others},
  journal={Physical Review Letters},
  collaboration={GERDA Collaboration},
  volume={125},
  number={1},
  pages={011801},
  year={2020},
  publisher={APS}
}

@article{wiseman2022exotic,
  title={Exotic dark matter search with the Majorana Demonstrator},
  author={Arnquist, IJ and others},
  collaboration={\textsc{Majorana} Collaboration},
  journal={arXiv preprint arXiv:2206.10638},
  year={2022}
}

@article{cdms2019search,
  title={Search for low-mass dark matter with CDMSlite using a profile likelihood fit},
  author={Agnese, R and others},
  collaboration={SuperCDMS Collaboration},
  journal={Physical Review D},
  volume={99},
  number={6},
  pages={062001},
  year={2019},
  publisher={APS}
}

@article{edelweiss2020first,
  title={First germanium-based constraints on sub-MeV Dark Matter with the EDELWEISS experiment},
  author={Arnaud, Quentin and Armengaud, E and Augier, C and Beno{\^\i}t, A and Berg{\'e}, L and Billard, J and Broniatowski, A and Camus, P and Cazes, A and Chapellier, M and others},
  journal={Physical Review Letters},
  volume={125},
  number={14},
  pages={141301},
  year={2020},
  publisher={APS}
}

@article{venos2018properties,
  title={Properties of 83mKr conversion electrons and their use in the KATRIN experiment},
  author={V{\'e}nos, D and Sentkerestiov{\'a}, J and Dragoun, O and Slez{\'a}k, M and Ry{\v{s}}av{\`y}, M and {\v{S}}palek, A},
  journal={JINST},
  volume={13},
  number={02},
  pages={T02012},
  year={2018},
  publisher={IOP Publishing}
}

@article{project8cres2015,
  title={Single-electron detection and spectroscopy via relativistic cyclotron radiation},
  author={Asner, DM and Bradley, RF and De Viveiros, L and Doe, PJ and Fernandes, JL and Fertl, M and Finn, EC and Formaggio, JA and Furse, D and Jones, AM and others},
  journal={Physical Review Letters},
  volume={114},
  number={16},
  pages={162501},
  year={2015},
  publisher={APS}
}

@article{he6cres2022,
  title={First observation of cyclotron radiation from MeV-scale $$\{$$\backslash$rm e$\}$\^{}$\{$pm$\}$ $ following nuclear beta decay},
  author={Byron, W and Harrington, H and Taylor, RJ and DeGraw, W and Buzinsky, N and Dodson, B and Fertl, M and Garcia, A and Garvey, G and Graner, B and others},
  journal={arXiv preprint arXiv:2209.02870},
  year={2022}
}

@misc{nist_xcom,
  author = {Martin Berger and J Hubbell and Stephen Seltzer and J Coursey and D Zucker},
  title = {XCOM: Photon Cross Section Database (version 1.2)},
  year = {1999},
  month = {1999-01-01},
  publisher = {http://physics.nist.gov/xcom},
  language = {en},
}

@misc{nist_estar,
  author = {Martin Berger and J Coursey and M Zucker},
  title = {ESTAR, PSTAR, and ASTAR: Computer Programs for Calculating Stopping-Power and Range Tables for Electrons, Protons, and Helium Ions (version 1.21)},
  year = {1999},
  month = {1999-01-01},
  publisher = {http://physics.nist.gov/Star},
  language = {en},
}

@techreport{kinsey1996nudat,
  title={The NUDAT/PCNUDAT program for nuclear data},
  author={Kinsey, RR and Dunford, CL and Tuli, JK and Burrows, TW},
  year={1996},
  institution={Brookhaven National Lab.(BNL), Upton, NY (United States)}
}

@techreport{mccutchan_nuclear_2015,
	title = {Nuclear {Data} {Sheets}, {83Kr}},
  institution={NNDC},
	volume = {125},
	author = {Mccutchan, E.A.},
	year = {2015},
	pages = {201},
}

@article{mandic2004cdms,
  title={Study of the dead layer in germanium for the CDMS detectors},
  author={Mandic, V and Mirabolfathi, N and Meunier, P and Chang, CL and Baudis, L and Brink, PL and Attisha, MJ and Thompson, J-PF and Gaitskell, RJ and Schnee, RW and others},
  journal={NIM A},
  volume={520},
  number={1-3},
  pages={171--174},
  year={2004},
  publisher={Elsevier}
}

@article{aalseth2013cogent,
  title={CoGeNT: A search for low-mass dark matter using p-type point contact germanium detectors},
  author={Aalseth, Craig E and others},
  collaboration={CoGeNT Collaboration},
  journal={Physical Review D},
  volume={88},
  number={1},
  pages={012002},
  year={2013},
  publisher={APS}
}

@article{vorren2017,
  title={New Limits on Bosonic Dark Matter, Solar Axions, Pauli Exclusion Principle Violation, and Electron Decay from the \textsc{Majorana Demonstrator}},
  author={Abgrall, N and others},
  journal={Physical Review Letters},
  volume={118},
  number={16},
  pages={161801},
  year={2017},
  publisher={APS},
  url = {https://journals.aps.org/prl/abstract/10.1103/PhysRevLett.118.161801}
}

@article{majorana2018,
  title = {Search for Neutrinoless Double-$\ensuremath{\beta}$ Decay in $^{76}\mathrm{Ge}$ with the Majorana Demonstrator},
  author = {Aalseth, C E and others},
  collaboration = {\textsc{Majorana} Collaboration},
  journal = {Physical Review Letters},
  volume = {120},
  issue = {13},
  pages = {132502},
  numpages = {7},
  year = {2018},
  month = {Mar},
  publisher = {American Physical Society},
  doi = {10.1103/PhysRevLett.120.132502},
  url = {https://link.aps.org/doi/10.1103/PhysRevLett.120.132502}
}

@article{wiseman2019,
   title={A low energy rare event search with the \textsc{Majorana Demonstrator}},
   volume={1468},
   ISSN={1742-6596},
   DOI={10.1088/1742-6596/1468/1/012040},
   journal={Journal of Physics: Conference Series},
   publisher={IOP Publishing},
   author={Wiseman, C},
   year={2020},
   month={Feb},
   pages={012040}
}

@phdthesis{othman2021cage,
	address = {Chapel Hill, NC},
	type = {{PhD} {Thesis}},
	title = {The {CAGE} {Scanner}: {Investigating} {Surface} {Backgrounds} in {High}-{Purity} {Germanium} {Detectors}},
	url = {https://doi.org/10.17615/y6x2-a646},
	school = {University of North Carolina},
	author = {Othman, Gulden},
	year = {2021},
}

@article{cdex2022passivated,
  title = {Identification of anomalous fast bulk events in a p-type point-contact germanium detector},
  author={Li, Ren-Ming-Jie and Liu, Shu-Kui and Lin, Shin-Ted and others},
  journal={Nuclear Science and Techniques},
  volume={33},
  number={5},
  pages={57},
  year={2022},
  publisher={Springer}
}

@article{gruszko2022alpha,
  title={$\alpha$-event characterization and rejection in point-contact HPGe detectors},
  author={Arnquist, IJ and Avignone III, FT and Barabash, AS and Barton, CJ and Bertrand, FE and Blalock, E and Bos, B and Busch, M and Buuck, M and Caldwell, TS and others},
  journal={The European Physical Journal C},
  volume={82},
  number={3},
  pages={226},
  year={2022},
  publisher={Springer}
}

@article{legendSnowmass2021,
  title={The LEGEND Double Beta Decay Experiment},
  author={Elliott S, Sch\"{o}nert, S and others},
  collaboration={LEGEND Collaboration},
  journal={Snowmass 2021 Letter of Interest},
  year={2021}
}

@inproceedings{zsigmond2020legend,
  title={LEGEND: The future of neutrinoless double-beta decay search with germanium detectors},
  author={Zsigmond, Anna Julia and LEGEND Collaboration and others},
  booktitle={Journal of Physics: Conference Series},
  volume={1468},
  number={1},
  pages={012111},
  year={2020},
  organization={IOP Publishing}
}

@article{darkside2016,
  title={Results from the first use of low radioactivity argon in a dark matter search},
  author={Agnes, Paolo and others},
  collaboration={DarkSide Collaboration},
  journal={Physical Review D},
  volume={93},
  number={8},
  pages={081101},
  year={2016},
  publisher={APS}
}

@inproceedings{howe2008orca,
  title={Integration of embedded single board computers into an object-oriented software bus DAQ application},
  author={Howe, MA and Marino, MG and Wilkerson, JF},
  booktitle={2008 IEEE Nuclear Science Symposium Conference Record},
  pages={3562--3567},
  year={2008},
  organization={IEEE}
}

@misc{laroque2022dripline,
	title = {Dripline: {Slow} {Controls} for {Medium}-{Scale} {Physics} {Experiments}},
	url = {https://driplineorg.github.io/},
	author = {LaRoque, B and Oblath, N and Businzky, N and Wachtendonk, M},
	year = {2022},
}

@misc{radford2022siggen,
	title = {siggen and fieldgen : germanium signal simulation package.},
	url = {https://github.com/radforddc/icpc_siggen},
	author = {Radford, D.C.},
  year = {Accessed 2022}
}

@article{majorana2022electronics,
  title={The Majorana Demonstrator readout electronics system},
  author={Abgrall, N and Amman, M and Arnquist, IJ and Avignone, FT and Barabash, AS and Barton, CJ and Barton, PJ and Bertrand, FE and Bhimani, KH and Bos, B and others},
  journal={Journal of Instrumentation},
  volume={17},
  number={05},
  pages={T05003},
  year={2022},
  publisher={IOP Publishing}
}

@article{elliott2023xrf,
  title={Variable energy X-ray fluorescence source},
  author={Elliott, SR and Bond, EM and Dodson, B and Rusev, G and Massarczyk, R and Meijer, SJ and Stortini, M and Wiseman, C},
  journal={Journal of Instrumentation},
  volume={18},
  number={01},
  pages={P01004},
  year={2023},
  publisher={IOP Publishing}
}

@book{knoll2010radiation,
  title={Radiation detection and measurement},
  author={Knoll, Glenn F},
  year={2010},
  publisher={John Wiley \& Sons}
}

@article{scipy2020,
  author  = {Virtanen, Pauli and {SciPy 1.0 Contributors}},
  title   = {{{SciPy} 1.0: Fundamental Algorithms for Scientific
            Computing in Python}},
  journal = {Nature Methods},
  year    = {2020},
  volume  = {17},
  pages   = {261--272},
  adsurl  = {https://rdcu.be/b08Wh},
  doi     = {10.1038/s41592-019-0686-2},
}